<?xml version="1.0" encoding="UTF-8"?>
<record xmlns="http://www.loc.gov/MARC21/slim" xmlns:xsi="http://www.w3.org/2001/XMLSchema-instance" xsi:schemaLocation="http://www.loc.gov/MARC21/slim http://www.loc.gov/standards/marcxml/schema/MARC21slim.xsd">
<leader>     nam a22002417  4500</leader>
<controlfield tag="001">001677171</controlfield>
<controlfield tag="003">NNU</controlfield>
<controlfield tag="005">19970403174529.8</controlfield>
<controlfield tag="008">880606s1969    iq            000 0 arard</controlfield>
<datafield tag="035" ind1="9" ind2=" ">
<subfield code="a">NYUb12220546</subfield>
</datafield>
<datafield tag="035" ind1=" " ind2=" ">
<subfield code="a">(MH)MHBIS33349HU</subfield>
</datafield>
<datafield tag="035" ind1=" " ind2=" ">
<subfield code="a">(OCoLC)18043087</subfield>
</datafield>
<datafield tag="035" ind1=" " ind2=" ">
<subfield code="a">(CStRLIN)MAHGBIS33349-B</subfield>
</datafield>
<datafield tag="040" ind1=" " ind2=" ">
<subfield code="a">WaU</subfield>
<subfield code="c">WaU</subfield>
<subfield code="d">MH</subfield>
<subfield code="d">CStRLIN</subfield>
</datafield>
<datafield tag="050" ind1=" " ind2="4">
<subfield code="a">BP135</subfield>
<subfield code="b">.G48</subfield>
</datafield>
<datafield tag="100" ind1="1" ind2=" ">
<subfield code="a">Ghurayfī, Muḥy al-Dīn al-Mūsawī.</subfield>
</datafield>
<datafield tag="245" ind1="1" ind2="0">
<subfield code="a">Qawāʻid al-ḥadīth,</subfield>
<subfield code="c">bi-qalam Maḥy al-Dīn al-Mūsawī al-Ghurayfī.</subfield>
</datafield>
<datafield tag="250" ind1=" " ind2=" ">
<subfield code="a">[al-Ṭabʻah 1]</subfield>
</datafield>
<datafield tag="260" ind1=" " ind2=" ">
<subfield code="a">al-Najaf,</subfield>
<subfield code="b">Maṭbaʻat al-Ādāb</subfield>
<subfield code="c">[1969]</subfield>
</datafield>
<datafield tag="300" ind1=" " ind2=" ">
<subfield code="a">274 p.</subfield>
<subfield code="c">25 cm.</subfield>
</datafield>
<datafield tag="650" ind1=" " ind2="0">
<subfield code="a">Hadith.</subfield>
</datafield>
<datafield tag="OWN" ind1=" " ind2=" ">
<subfield code="a">GENERAL</subfield>
</datafield>
<datafield tag="950" ind1=" " ind2=" ">
<subfield code="l">BMAIN</subfield>
<subfield code="a">BP135</subfield>
<subfield code="b">.G48</subfield>
</datafield>
<datafield tag="955" ind1=" " ind2=" ">
<subfield code="l">BMAIN</subfield>
<subfield code="c">1</subfield>
<subfield code="r">027724171</subfield>
</datafield>
<datafield tag="998" ind1=" " ind2=" ">
<subfield code="s">9555</subfield>
</datafield>
<datafield tag="AVA" ind1=" " ind2=" ">
<subfield code="a">NYU50</subfield>
<subfield code="b">BOBST</subfield>
<subfield code="c">Main Collection</subfield>
<subfield code="d">BP135 .G48</subfield>
<subfield code="e">unavailable</subfield>
<subfield code="t">Unavailable</subfield>
<subfield code="f">1</subfield>
<subfield code="g">1</subfield>
<subfield code="h">N</subfield>
<subfield code="i">0</subfield>
<subfield code="j">MAIN</subfield>
<subfield code="k">0</subfield>
</datafield>
</record>
